@string{MKSC = "Marketing Sci."}
@string{MNSC = "Management Sci."}
@string{TRSC= "Transportation Sci."}
@string{ORSC = "Organ. Sci."}
@string{OPRE = "Oper. Res."}
@string{MOOR = "Math. Oper. Res."}
@string{MSOM = "Manufacturing Service Oper. Management"}
@string{DECA = "Decision Anal."}
@string{ISRE = "Inform. Systems Res."}
@string{IJOC = "INFORMS J. Comput."}
@string{INTE = "Interfaces"}
@string{JOAE = "J.Of Accounting Education"}
@string{JEEM= "J.Environ.Econ.Manag."}

@string{AOR = "Ann. Oper. Res"}
@string{AER = "Amer. Econom. Rev"}
@string{COR = "Comput. Oper. Res"}
@string{EJOR = "Eur. J. Oper. Res."}
@string{EJTR = "EURO J. Transp. Logist."}
@string{IJIO = "Internat. J. Indust. Organ."}
@string{JAER = "J. Aerosp. Educ. Res. "}
@string{JAAM = " J. Airline Airport Manag."}
@string{JATM = " J. Air Transport Manag."}
@string{JORS = "J. Op. Res. Soc"}
@string{JOM = "J. Opns. Mgmt "}
@string{JOTA = "J. Optim. Theory Appl."}
@string{LAA = "Linear Algebra Appl."}
@string{MC = "Math. Comput."}
@string{MP = "Math. Programming"}
@string{MPA = "Math. Programming, Ser.˜A"}
@string{MPB = "Math. Programming, Ser.˜B"}
@string{MPS = "Math. Programming Stud."}
@string{NUMMATH = "Numer. Math."}
@string{ORSAC = "ORSA J. Comput."}
@string{PNAS = "Proc. Nat. Acad. Sci"}

@string{SINUM = "SIAM J. Numer. Anal."}
@string{SICON = "SIAM J. Control Optim."}
@string{SIOPT = "SIAM J. Optim."}
@string{SISC = "SIAM J. Sci. Comput."}
@string{SIC = "SIAM J. Comput."}
@string{SIAPM = "SIAM J. Appl. Math."}
@string{SIREV = "SIAM Rev."}
@string{TOMS = "ACM Trans. Math. Software"}
@string{TR = "Transport Rev."}
@string{TRA = "Transportation Res. Part A"}
@string{TRB = "Transportation Res. Part B"}
@string{TRC = "Transportation Res. Part C"}
@string{TRD = "Transportation Res. Part D"}
@string{TRE = "Transportation Res. Part E"}
@string{TRR = "Transp. Res. Record"}

@string{RTE = "Res. Transport. Econ."}


