@string{MKSC = "Marketing Science"}
@string{MNSC = "Management Science"}
@string{TRSC= "Transportation Science"}
@string{ORSC = "Organization Science"}
@string{OPRE = "Operation Research"}
@string{MOOR = "Math. Operation Research"}
@string{MSOM = "Manufacturing Service Operation Management"}
@string{DECA = "Decision Analysis
"}
@string{ISRE = "Information Systems Research"}
@string{IJOC = "INFORMS Journal on Computing "}
@string{INTE = "Interfaces"}

@string{AOR = "Annals of Operations Research
"}
@string{COR = "Computers \& Operations Research"}
@string{EJOR = "European Journal of Operational Research"}
@string{JOM = "Journal of Operations Management"}
@string{JOTA = "Journal of Optimization Theory and Applications
"}
@string{JAAM = " Journal of Airline Airport Management"}
@string{JATM = " Journal of Air Transport Management"}
@string{JOAE = "Journal of Accounting Education"}

@string{LAA = "Linear Algebra Appl."}
@string{MC = "Mathematical  Comput."}
@string{MP = "Mathematical  Programming"}
@string{MPA = "Mathematical  Programming, Ser.˜A"}
@string{MPB = "Mathematical  Programming, Ser.˜B"}
@string{MPS = "Mathematical  Programming Stud."}
@string{NUMMATH = "Numerical Mathematics"}
@string{ORSAC = "ORSA Journal Comput."}
@string{SINUM = " SIAM Journal on Numerical Analysis "}
@string{SICON = "SIAM Journal on Control and Optimization "}
@string{SIOPT = "SIAM Journal Optimization"}
@string{SISC = "SIAM Journal Sci. Comput."}
@string{SIC = "SIAM Journal on Computing"}
@string{SIAPM = "SIAM Journal on Applied Mathematics"}
@string{SIREV = " SIAM Review"}
@string{TOMS = "ACM Transactions on Mathematical Software"}
@string{TRA = "Transportation Research Part A: Policy and Practice
"}
@string{TRB = "Transportation Research Part B: Methodological
"}
@string{TRC = "Transportation Research Part B: Emerging Technologies
"}
@string{TRE = "Transportation Research Part E: Logistics and Transportation Review
"}

@string{JORS = "The Journal of the Operational Research Society"}
